<record><leader>00000cas a22000007a 4500</leader><controlfield tag="001">74666572</controlfield><controlfield tag="008">061030d192u192ugauwr ne      0    0eng d</controlfield><datafield ind1=" " ind2=" " tag="010"><subfield code="a">  2006233392</subfield></datafield><datafield ind1=" " ind2=" " tag="040"><subfield code="a">GUA</subfield><subfield code="b">eng</subfield><subfield code="c">GUA</subfield><subfield code="d">GUA</subfield><subfield code="d">OCLCQ</subfield><subfield code="d">OCLCF</subfield><subfield code="d">OCLCO</subfield></datafield><datafield ind1="1" ind2=" " tag="029"><subfield code="a">AU@</subfield><subfield code="b">000041015282</subfield></datafield><datafield ind1=" " ind2=" " tag="042"><subfield code="a">msc</subfield></datafield><datafield ind1=" " ind2=" " tag="043"><subfield code="a">n-us-ga</subfield></datafield><datafield ind1="0" ind2="0" tag="245"><subfield code="a">Northeast Georgian Cornelia news and enterprise.</subfield></datafield><datafield ind1="3" ind2=" " tag="246"><subfield code="a">Northeast Georgian and Cornelia news and enterprise</subfield></datafield><datafield ind1="3" ind2="0" tag="246"><subfield code="a">Cornelia news and enterprise</subfield></datafield><datafield ind1=" " ind2=" " tag="260"><subfield code="a">Cornelia, Ga. :</subfield><subfield code="b">S.C. Heindel</subfield></datafield><datafield ind1=" " ind2=" " tag="300"><subfield code="a">v.</subfield></datafield><datafield ind1=" " ind2=" " tag="310"><subfield code="a">Weekly</subfield></datafield><datafield ind1=" " ind2=" " tag="530"><subfield code="a">Also on microfilm: Athens, Ga. : University of Georgia Libraries.</subfield></datafield><datafield ind1=" " ind2=" " tag="580"><subfield code="a">Formed by the union of: North East Georgian, and: Cornelia news and enterprise.</subfield></datafield><datafield ind1=" " ind2=" " tag="588"><subfield code="a">Description based on: Vol. 15, no. 19 (May 13, 1926).</subfield></datafield><datafield ind1=" " ind2=" " tag="588"><subfield code="a">Latest issue consulted: Vol. 16, no. 44 (Nov. 10, 1927).</subfield></datafield><datafield ind1=" " ind2="0" tag="651"><subfield code="a">Cornelia (Ga.)</subfield><subfield code="v">Periodicals.</subfield></datafield><datafield ind1=" " ind2="0" tag="651"><subfield code="a">Habersham County (Ga.)</subfield><subfield code="v">Periodicals.</subfield></datafield><datafield ind1=" " ind2="7" tag="655"><subfield code="a">Periodicals.</subfield><subfield code="2">fast</subfield><subfield code="0">(OCoLC)fst01411641</subfield></datafield><datafield ind1=" " ind2="7" tag="651"><subfield code="a">Georgia</subfield><subfield code="z">Cornelia.</subfield><subfield code="2">fast</subfield><subfield code="0">(OCoLC)fst01217061</subfield></datafield><datafield ind1=" " ind2="7" tag="651"><subfield code="a">Georgia</subfield><subfield code="z">Habersham County.</subfield><subfield code="2">fast</subfield><subfield code="0">(OCoLC)fst01218096</subfield></datafield><datafield ind1=" " ind2=" " tag="752"><subfield code="a">United States</subfield><subfield code="b">Georgia</subfield><subfield code="c">Haberasham</subfield><subfield code="d">Cornelia.</subfield></datafield><datafield ind1="1" ind2="4" tag="780"><subfield code="t">North East Georgian</subfield><subfield code="w">(DLC)  2006233393</subfield><subfield code="w">(OCoLC)74668063</subfield></datafield><datafield ind1="1" ind2="4" tag="780"><subfield code="t">Cornelia news and enterprise</subfield><subfield code="w">(DLC)  2006233397</subfield><subfield code="w">(OCoLC)74669221</subfield></datafield><datafield ind1="0" ind2="0" tag="785"><subfield code="t">Northeast Georgian (Cornelia, Ga.)</subfield><subfield code="w">(DLC)sn 89053355</subfield><subfield code="w">(OCoLC)19550403</subfield></datafield></record>